@misc{survey2024,
      title={Online Matching: A Brief Survey}, 
      author={Zhiyi Huang and Zhihao Gavin Tang and David Wajc},
      year={2024},
      archivePrefix={arXiv},
      primaryClass={cs.DS},
}


@inproceedings{karp1990,
author = {Karp, R. M. and Vazirani, U. V. and Vazirani, V. V.},
title = {An optimal algorithm for on-line bipartite matching},
year = {1990},
isbn = {0897913612},
publisher = {Association for Computing Machinery},
address = {New York, NY, USA},
booktitle = {Proceedings of the Twenty-Second Annual ACM Symposium on Theory of Computing},
pages = {352–358},
numpages = {7},
location = {Baltimore, Maryland, USA},
series = {STOC '90}
}

@inproceedings{mehta2012,
title	= {Online Matching with Stochastic Rewards},
author	= {Aranyak Mehta and Debmalya Panigrahi},
year	= {2012},
booktitle	= {Symposium on Foundations of Computer Science (FOCS)}}

@inproceedings{mehta2015,
author = {Mehta, Aranyak and Waggoner, Bo and Zadimoghaddam, Morteza},
title = {Online stochastic matching with unequal probabilities},
year = {2015},
publisher = {Society for Industrial and Applied Mathematics},
address = {USA},
booktitle = {Proceedings of the Twenty-Sixth Annual ACM-SIAM Symposium on Discrete Algorithms},
pages = {1388–1404},
numpages = {17},
location = {San Diego, California},
series = {SODA '15}
}

@InProceedings{Srinivasan2008,
author="Srinivasan, Aravind",
editor="Goel, Ashish
and Jansen, Klaus
and Rolim, Jos{\'e} D. P.
and Rubinfeld, Ronitt",
title="Budgeted Allocations in the Full-Information Setting",
booktitle="Approximation, Randomization and Combinatorial Optimization. Algorithms and Techniques",
year="2008",
publisher="Springer Berlin Heidelberg",
}


@article{mehta2007,
author = {Mehta, Aranyak and Saberi, Amin and Vazirani, Umesh and Vazirani, Vijay},
title = {AdWords and generalized online matching},
year = {2007},
issue_date = {October 2007},
publisher = {Association for Computing Machinery},
address = {New York, NY, USA},
volume = {54},
number = {5},
issn = {0004-5411},
journal = {J. ACM},
month = oct,
pages = {22–es},
numpages = {19},
keywords = {search engines, online algorithms, Keyword auctions}
}

@misc{jain2002,
      title={Greedy Facility Location Algorithms Analyzed using Dual Fitting with Factor-Revealing LP}, 
      author={Kamal Jain and Mohammad Mahdian and Evangelos Markakis and Amin Saberi and Vijay V. Vazirani},
      year={2002},
}

@article{erdos1959,
  added-at = {2017-10-20T13:47:06.000+0200},
  author = {Erd\"os, P and R\'enyi, A},
  journal = {Publicationes Mathematicae Debrecen},
  keywords = {epidemes},
  pages = {290--297},
  timestamp = {2017-10-20T13:47:26.000+0200},
  title = {On Random Graphs I},
  volume = 6,
  year = 1959
}

@article{mehtabook,
title= {Online Matching and Ad Allocation},
author	= {Aranyak Mehta},
year	= {2013},
journal	= {Foundations and Trends in Theoretical Computer Science},
pages	= {265-368},
volume	= {8 (4)}}

@misc{huang2023,
      title={Online Matching with Stochastic Rewards: Advanced Analyses Using Configuration Linear Programs}, 
      author={Zhiyi Huang and Hanrui Jiang and Aocheng Shen and Junkai Song and Zhiang Wu and Qiankun Zhang},
      year={2023},
}